@misc{dataset,
  title = {{NSL-KDD Dataset}},
  howpublished = "\url{https://www.unb.ca/cic/datasets/nsl.html}",
}

@misc{project,
  title = {{Google Colab project}},
  howpublished = "\url{https://colab.research.google.com/drive/1ogkvVnKJUkEbUgkLLX6Nx7CsuAGiLSFf}"
}

@misc{extratree,
  title = {{ExtraTree Classifier Reference}},
  howpublished = "\url{https://scikit-learn.org/stable/modules/generated/sklearn.ensemble.ExtraTreesClassifier.html}"
}

@misc{univ,
  title = {{Univariate Selection Reference}},
  howpublished = "\url{https://scikit-learn.org/stable/modules/generated/sklearn.feature_selection.SelectKBest.html#sklearn.feature_selection.SelectKBest}"
}

@misc{keras,
  title = {{Tensorflow ADAM implementation}},
  howpublished = "\url{https://www.tensorflow.org/api_docs/python/tf/keras/optimizers/Adam}"
}

@misc{kerass,
  title = {{Keras Library documentation}},
  howpublished = "\url{https://keras.io/}"
}


@misc{minmax,
  title = {{MinMaxScaler implementation}},
  howpublished = "\url{https://scikit-learn.org/stable/modules/generated/sklearn.preprocessing.MinMaxScaler.html}"
}

@misc{tfx,
  title = {{TensorFlow Extend Guide}},
  howpublished = "\url{https://www.tensorflow.org/tfx}"
}

@misc{tfserve,
  title = {{TensorFlow Serving Guide}},
  howpublished = "\url{https://www.tensorflow.org/tfx/guide/serving}"
}

@ARTICLE{ids, 
author={B. {Mukherjee} and L. T. {Heberlein} and K. N. {Levitt}}, 
journal={IEEE Network}, 
title={Network intrusion detection}, 
year={1994}, 
volume={8}, 
number={3}, 
pages={26-41}, 
keywords={security of data;computer networks;telecommunication network management;open systems;network operating systems;security;open mode;intrusion detection;unauthorized use;abuse;heterogeneous computer networks;intrusion detection systems;intruder behavior;unauthorized actions;statistical anomaly;rulebased misuse models;network-based IDS;host-based IDS;audit trails;monitored network traffic;Intrusion detection;Computer networks;Protection;Computer security;Data security;Computer science;Computer crime;Information security;Real time systems;Prototypes}, 
doi={10.1109/65.283931}, 
ISSN={1558-156X}, 
month={May},}

@inproceedings{idsclass,
  title={A Comparative Study of Anomaly Detection Schemes in Network Intrusion Detection},
  author={Aleksandar Lazarevic and Levent Ert{\"o}z and Vipin Kumar and Aysel Ozgur and Jaideep Srivastava},
  booktitle={SDM},
  year={2003}
}

@INPROCEEDINGS{nnids, 
author={B. {Subba} and S. {Biswas} and S. {Karmakar}}, 
booktitle={2016 Twenty Second National Conference on Communication (NCC)}, 
title={A Neural Network based system for Intrusion Detection and attack classification}, 
year={2016}, 
volume={}, 
number={}, 
pages={1-6}, 
keywords={backpropagation;feedforward neural nets;minimisation;pattern classification;security of data;support vector machines;neural network based system;attack classification;anomaly based intrusion detection system;anomaly-based IDS;computational overhead;artificial neural network-based IDS model;ANN-based IDS model;feedforward algorithm;backpropagation algorithm;overall computational overhead minimization;NSL-KDD dataset;accuracy analysis;detection rate;performance analysis;computational overhead;Computational modeling;Intrusion detection;Support vector machines;Biological neural networks;Mathematical model;Optimization;Intrusion detection system (IDS);Artificial Neural Network (ANN);Naive Bayes;C4.5;Support Vector Machine (SVM);NSL-KDD dataset}, 
doi={10.1109/NCC.2016.7561088}, 
ISSN={null}, 
month={March},}

@article{nnids2,
author = {Kesavulu Reddy, Ekambaram},
year = {2013},
month = {07},
pages = {1210-1214},
title = {Neural Networks for Intrusion Detection and Its Applications},
volume = {2},
journal = {Lecture Notes in Engineering and Computer Science}
}

@inproceedings{nslkdd,
  title={A Study on NSL-KDD Dataset for Intrusion Detection System Based on Classification Algorithms},
  author={L. Dhanabal and S. P. Shantharajah},
  year={2015}
}

@INPROCEEDINGS{nslkdd2, 
author={R. {Thomas} and D. {Pavithran}}, 
booktitle={2018 Fifth HCT Information Technology Trends (ITT)}, 
title={A Survey of Intrusion Detection Models based on NSL-KDD Data Set}, 
year={2018}, 
volume={}, 
number={}, 
pages={286-291}, 
keywords={data mining;learning (artificial intelligence);security of data;NSL-KDD data set;security management infrastructure;security domain;machine learning techniques;anomaly-based IDS;process flow components;intrusion detection models survey;anomaly based intrusion detection system;machine learning based IDS;network security laboratory knowledge discovery and data mining data set;Training;Data models;Testing;Machine learning;Feature extraction;Intrusion detection;Intrusion Detection;Machine Learning;NSL-KDD data set;Security}, 
doi={10.1109/CTIT.2018.8649498}, 
ISSN={null}, 
month={Nov},}


@INPROCEEDINGS{deepshallow, 
author={D. E. {Kim} and M. {Gofman}}, 
booktitle={2018 IEEE 8th Annual Computing and Communication Workshop and Conference (CCWC)}, 
title={Comparison of shallow and deep neural networks for network intrusion detection}, 
year={2018}, 
volume={}, 
number={}, 
pages={204-208}, 
keywords={learning (artificial intelligence);neural nets;security of data;self-learning approach;shallow neural networks;network traffic capture;threat detection;network attacks;network intrusion detection;deep neural networks;Biological neural networks;Intrusion detection;Communication networks;Task analysis;Matlab;network security;machine learning;neural networks}, 
doi={10.1109/CCWC.2018.8301755}, 
ISSN={null}, 
month={Jan},}


@INPROCEEDINGS{dpl, 
author={S. {Kim} and N. {Nwanze} and W. {Edmonds} and B. {Johnson} and P. {Field}}, 
booktitle={2012 IEEE Network Operations and Management Symposium}, 
title={On network intrusion detection for deployment in the wild}, 
year={2012}, 
volume={}, 
number={}, 
pages={253-260}, 
keywords={computer network management;computer network security;Internet;network intrusion detection;network-based attacks;network management tasks;networked systems;anomaly-based intrusion detection systems;complement signature-based detection schemes;stand-alone devices;management complexity;real-time training;Internet;embedded platform;sanitized training data set;Training;Tuning;Payloads;Prototypes;Intrusion detection;Delay}, 
doi={10.1109/NOMS.2012.6211906}, 
ISSN={1542-1201}, 
month={April},}

@article{encoding,
author = {Potdar, Kedar and Pardawala, Taher and Pai, Chinmay},
year = {2017},
month = {10},
pages = {7-9},
title = {A Comparative Study of Categorical Variable Encoding Techniques for Neural Network Classifiers},
volume = {175},
journal = {International Journal of Computer Applications},
doi = {10.5120/ijca2017915495}
}

@INPROCEEDINGS{dpl2, 
author={H. {Chen} and J. A. {Clark} and S. A. {Shaikh} and H. {Chivers} and P. {Nobles}}, 
booktitle={2010 International Conference on Availability, Reliability and Security}, 
title={Optimising IDS Sensor Placement}, 
year={2010}, 
volume={}, 
number={}, 
pages={315-320}, 
keywords={computer network security;genetic algorithms;IDS sensor placement;multiple intrusion detection sensor;network traffic;intrusion detection system;multiobjective genetic algorithm;Intrusion detection;Telecommunication traffic;Genetic algorithms;Costs;Monitoring;Genetic programming;Availability;Computer network reliability;Computer security;Computer science}, 
doi={10.1109/ARES.2010.92}, 
ISSN={null}, 
month={Feb},}